@article{Source1,
  title={Are pitchers really throwing harder than ever?},
  author={Michael Clair},
  journal={Cut4},
  pages={1},
  year={2018},
  publisher={MLB.COM}
}
@article{Source2,
  title={Major League Baseball pitch velocity and pitch type associatedwith risk of ulnar collateral ligament injury},
  author={Robert A Keller},
  journal={National Library of Medicine},
  year={2016},
  publisher={National Library of Medicine}
}
@article{Source3,
  title={Fastball Pitch Velocity Helps Predict Ulnar Collateral Ligament Reconstruction in Major League Baseball Pitchers},
  author={Peter N Chalmers},
  journal={National Library of Medicine},
  year={2016},
  publisher={National Library of Medicine}
}
@article{Source4,
  title={Tommy John Surgery},
  author={Rick Ansorge},
  journal={Jumpstart},
  year={2022},
  publisher={WebMD}
}